@misc{pybloom,
  author       = {Jay Baird and contributors},
  title        = {pybloom-live: A Python implementation of Bloom filters},
  year         = {2016},
  howpublished = {\url{https://pypi.org/project/pybloom-live/}},
  note         = {Accessed: 2025-10-02}
}

@misc{cuckoopy,
  author       = {Parsa Ghaffari and contributors},
  title        = {cuckoopy: A Python implementation of Cuckoo filters},
  year         = {2019},
  howpublished = {\url{https://pypi.org/project/cuckoopy/}},
  note         = {Accessed: 2025-10-02}
}

@misc{chatgpt,
  author       = {OpenAI},
  title        = {ChatGPT: Large Language Model Assistance},
  year         = {2025},
  howpublished = {\url{https://openai.com/chatgpt}},
  note         = {Used for code troubleshooting, clarifications, and grammar review in report preparation.}
}
